%YAML 1.1
%TAG !u! tag:unity3d.com,2011:
--- !u!1 &102128
GameObject:
  m_ObjectHideFlags: 1
  m_PrefabParentObject: {fileID: 0}
  m_PrefabInternal: {fileID: 100100000}
  serializedVersion: 4
  m_Component:
  - 4: {fileID: 485386}
  m_Layer: 0
  m_Name: joint19
  m_TagString: Untagged
  m_Icon: {fileID: 0}
  m_NavMeshLayer: 0
  m_StaticEditorFlags: 0
  m_IsActive: 1
--- !u!1 &104378
GameObject:
  m_ObjectHideFlags: 1
  m_PrefabParentObject: {fileID: 0}
  m_PrefabInternal: {fileID: 100100000}
  serializedVersion: 4
  m_Component:
  - 4: {fileID: 462340}
  m_Layer: 0
  m_Name: r_arm03
  m_TagString: Untagged
  m_Icon: {fileID: 0}
  m_NavMeshLayer: 0
  m_StaticEditorFlags: 0
  m_IsActive: 1
--- !u!1 &124712
GameObject:
  m_ObjectHideFlags: 1
  m_PrefabParentObject: {fileID: 0}
  m_PrefabInternal: {fileID: 100100000}
  serializedVersion: 4
  m_Component:
  - 4: {fileID: 422188}
  m_Layer: 0
  m_Name: joint18
  m_TagString: Untagged
  m_Icon: {fileID: 0}
  m_NavMeshLayer: 0
  m_StaticEditorFlags: 0
  m_IsActive: 1
--- !u!1 &128314
GameObject:
  m_ObjectHideFlags: 1
  m_PrefabParentObject: {fileID: 0}
  m_PrefabInternal: {fileID: 100100000}
  serializedVersion: 4
  m_Component:
  - 4: {fileID: 436346}
  m_Layer: 0
  m_Name: c
  m_TagString: Untagged
  m_Icon: {fileID: 0}
  m_NavMeshLayer: 0
  m_StaticEditorFlags: 0
  m_IsActive: 1
--- !u!1 &128800
GameObject:
  m_ObjectHideFlags: 1
  m_PrefabParentObject: {fileID: 0}
  m_PrefabInternal: {fileID: 100100000}
  serializedVersion: 4
  m_Component:
  - 4: {fileID: 469068}
  m_Layer: 0
  m_Name: joint6
  m_TagString: Untagged
  m_Icon: {fileID: 0}
  m_NavMeshLayer: 0
  m_StaticEditorFlags: 0
  m_IsActive: 1
--- !u!1 &132668
GameObject:
  m_ObjectHideFlags: 1
  m_PrefabParentObject: {fileID: 0}
  m_PrefabInternal: {fileID: 100100000}
  serializedVersion: 4
  m_Component:
  - 4: {fileID: 425112}
  m_Layer: 0
  m_Name: l_arm03
  m_TagString: Untagged
  m_Icon: {fileID: 0}
  m_NavMeshLayer: 0
  m_StaticEditorFlags: 0
  m_IsActive: 1
--- !u!1 &135392
GameObject:
  m_ObjectHideFlags: 1
  m_PrefabParentObject: {fileID: 0}
  m_PrefabInternal: {fileID: 100100000}
  serializedVersion: 4
  m_Component:
  - 4: {fileID: 414988}
  m_Layer: 0
  m_Name: r_arm02
  m_TagString: Untagged
  m_Icon: {fileID: 0}
  m_NavMeshLayer: 0
  m_StaticEditorFlags: 0
  m_IsActive: 1
--- !u!1 &138758
GameObject:
  m_ObjectHideFlags: 1
  m_PrefabParentObject: {fileID: 0}
  m_PrefabInternal: {fileID: 100100000}
  serializedVersion: 4
  m_Component:
  - 4: {fileID: 451004}
  m_Layer: 0
  m_Name: root
  m_TagString: Untagged
  m_Icon: {fileID: 0}
  m_NavMeshLayer: 0
  m_StaticEditorFlags: 0
  m_IsActive: 1
--- !u!1 &139094
GameObject:
  m_ObjectHideFlags: 1
  m_PrefabParentObject: {fileID: 0}
  m_PrefabInternal: {fileID: 100100000}
  serializedVersion: 4
  m_Component:
  - 4: {fileID: 499732}
  m_Layer: 0
  m_Name: joint20
  m_TagString: Untagged
  m_Icon: {fileID: 0}
  m_NavMeshLayer: 0
  m_StaticEditorFlags: 0
  m_IsActive: 1
--- !u!1 &148764
GameObject:
  m_ObjectHideFlags: 1
  m_PrefabParentObject: {fileID: 0}
  m_PrefabInternal: {fileID: 100100000}
  serializedVersion: 4
  m_Component:
  - 4: {fileID: 483606}
  m_Layer: 0
  m_Name: r_arm04
  m_TagString: Untagged
  m_Icon: {fileID: 0}
  m_NavMeshLayer: 0
  m_StaticEditorFlags: 0
  m_IsActive: 1
--- !u!1 &151052
GameObject:
  m_ObjectHideFlags: 0
  m_PrefabParentObject: {fileID: 0}
  m_PrefabInternal: {fileID: 100100000}
  serializedVersion: 4
  m_Component:
  - 4: {fileID: 405078}
  - 95: {fileID: 9518726}
  - 195: {fileID: 19568976}
  - 136: {fileID: 13613254}
  - 114: {fileID: 11462254}
  m_Layer: 0
  m_Name: koolaidKomrade
  m_TagString: Untagged
  m_Icon: {fileID: 0}
  m_NavMeshLayer: 0
  m_StaticEditorFlags: 0
  m_IsActive: 1
--- !u!1 &154740
GameObject:
  m_ObjectHideFlags: 1
  m_PrefabParentObject: {fileID: 0}
  m_PrefabInternal: {fileID: 100100000}
  serializedVersion: 4
  m_Component:
  - 4: {fileID: 404704}
  m_Layer: 0
  m_Name: GunSocket
  m_TagString: Untagged
  m_Icon: {fileID: 0}
  m_NavMeshLayer: 0
  m_StaticEditorFlags: 0
  m_IsActive: 1
--- !u!1 &155626
GameObject:
  m_ObjectHideFlags: 1
  m_PrefabParentObject: {fileID: 0}
  m_PrefabInternal: {fileID: 100100000}
  serializedVersion: 4
  m_Component:
  - 4: {fileID: 478076}
  m_Layer: 0
  m_Name: l_leg01
  m_TagString: Untagged
  m_Icon: {fileID: 0}
  m_NavMeshLayer: 0
  m_StaticEditorFlags: 0
  m_IsActive: 1
--- !u!1 &161688
GameObject:
  m_ObjectHideFlags: 1
  m_PrefabParentObject: {fileID: 0}
  m_PrefabInternal: {fileID: 100100000}
  serializedVersion: 4
  m_Component:
  - 4: {fileID: 491636}
  m_Layer: 0
  m_Name: joint4
  m_TagString: Untagged
  m_Icon: {fileID: 0}
  m_NavMeshLayer: 0
  m_StaticEditorFlags: 0
  m_IsActive: 1
--- !u!1 &168426
GameObject:
  m_ObjectHideFlags: 0
  m_PrefabParentObject: {fileID: 0}
  m_PrefabInternal: {fileID: 100100000}
  serializedVersion: 4
  m_Component:
  - 4: {fileID: 471246}
  - 137: {fileID: 13703966}
  m_Layer: 0
  m_Name: koolaidKomrade
  m_TagString: Untagged
  m_Icon: {fileID: 0}
  m_NavMeshLayer: 0
  m_StaticEditorFlags: 0
  m_IsActive: 1
--- !u!1 &168540
GameObject:
  m_ObjectHideFlags: 1
  m_PrefabParentObject: {fileID: 0}
  m_PrefabInternal: {fileID: 100100000}
  serializedVersion: 4
  m_Component:
  - 4: {fileID: 402912}
  m_Layer: 0
  m_Name: head
  m_TagString: Untagged
  m_Icon: {fileID: 0}
  m_NavMeshLayer: 0
  m_StaticEditorFlags: 0
  m_IsActive: 1
--- !u!1 &173040
GameObject:
  m_ObjectHideFlags: 1
  m_PrefabParentObject: {fileID: 0}
  m_PrefabInternal: {fileID: 100100000}
  serializedVersion: 4
  m_Component:
  - 4: {fileID: 414048}
  m_Layer: 0
  m_Name: shoulder
  m_TagString: Untagged
  m_Icon: {fileID: 0}
  m_NavMeshLayer: 0
  m_StaticEditorFlags: 0
  m_IsActive: 1
--- !u!1 &184198
GameObject:
  m_ObjectHideFlags: 1
  m_PrefabParentObject: {fileID: 0}
  m_PrefabInternal: {fileID: 100100000}
  serializedVersion: 4
  m_Component:
  - 4: {fileID: 406256}
  m_Layer: 0
  m_Name: l_arm01
  m_TagString: Untagged
  m_Icon: {fileID: 0}
  m_NavMeshLayer: 0
  m_StaticEditorFlags: 0
  m_IsActive: 1
--- !u!1 &188494
GameObject:
  m_ObjectHideFlags: 1
  m_PrefabParentObject: {fileID: 0}
  m_PrefabInternal: {fileID: 100100000}
  serializedVersion: 4
  m_Component:
  - 4: {fileID: 480916}
  m_Layer: 0
  m_Name: joint7
  m_TagString: Untagged
  m_Icon: {fileID: 0}
  m_NavMeshLayer: 0
  m_StaticEditorFlags: 0
  m_IsActive: 1
--- !u!1 &189968
GameObject:
  m_ObjectHideFlags: 1
  m_PrefabParentObject: {fileID: 0}
  m_PrefabInternal: {fileID: 100100000}
  serializedVersion: 4
  m_Component:
  - 4: {fileID: 492736}
  m_Layer: 0
  m_Name: joint8
  m_TagString: Untagged
  m_Icon: {fileID: 0}
  m_NavMeshLayer: 0
  m_StaticEditorFlags: 0
  m_IsActive: 1
--- !u!1 &190878
GameObject:
  m_ObjectHideFlags: 1
  m_PrefabParentObject: {fileID: 0}
  m_PrefabInternal: {fileID: 100100000}
  serializedVersion: 4
  m_Component:
  - 4: {fileID: 407548}
  m_Layer: 0
  m_Name: l_leg02
  m_TagString: Untagged
  m_Icon: {fileID: 0}
  m_NavMeshLayer: 0
  m_StaticEditorFlags: 0
  m_IsActive: 1
--- !u!1 &191552
GameObject:
  m_ObjectHideFlags: 1
  m_PrefabParentObject: {fileID: 0}
  m_PrefabInternal: {fileID: 100100000}
  serializedVersion: 4
  m_Component:
  - 4: {fileID: 490256}
  m_Layer: 0
  m_Name: l_arm02
  m_TagString: Untagged
  m_Icon: {fileID: 0}
  m_NavMeshLayer: 0
  m_StaticEditorFlags: 0
  m_IsActive: 1
--- !u!1 &192760
GameObject:
  m_ObjectHideFlags: 1
  m_PrefabParentObject: {fileID: 0}
  m_PrefabInternal: {fileID: 100100000}
  serializedVersion: 4
  m_Component:
  - 4: {fileID: 487112}
  m_Layer: 0
  m_Name: l_arm04
  m_TagString: Untagged
  m_Icon: {fileID: 0}
  m_NavMeshLayer: 0
  m_StaticEditorFlags: 0
  m_IsActive: 1
--- !u!1 &197686
GameObject:
  m_ObjectHideFlags: 0
  m_PrefabParentObject: {fileID: 0}
  m_PrefabInternal: {fileID: 100100000}
  serializedVersion: 4
  m_Component:
  - 4: {fileID: 487746}
  m_Layer: 0
  m_Name: transform1
  m_TagString: Untagged
  m_Icon: {fileID: 0}
  m_NavMeshLayer: 0
  m_StaticEditorFlags: 0
  m_IsActive: 1
--- !u!4 &402912
Transform:
  m_ObjectHideFlags: 1
  m_PrefabParentObject: {fileID: 0}
  m_PrefabInternal: {fileID: 100100000}
  m_GameObject: {fileID: 168540}
  m_LocalRotation: {x: 0, y: 0, z: .707106829, w: .707106829}
  m_LocalPosition: {x: -.0199999996, y: 4.440892e-18, z: 0}
  m_LocalScale: {x: 1, y: 1, z: 1}
  m_Children: []
  m_Father: {fileID: 414048}
  m_RootOrder: 1
--- !u!4 &404704
Transform:
  m_ObjectHideFlags: 1
  m_PrefabParentObject: {fileID: 0}
  m_PrefabInternal: {fileID: 100100000}
  m_GameObject: {fileID: 154740}
  m_LocalRotation: {x: .487732291, y: -.416006058, z: -.32397756, w: .695769131}
  m_LocalPosition: {x: -.0554487556, y: .00032460317, z: .00508123776}
  m_LocalScale: {x: 1, y: 1, z: 1}
  m_Children: []
  m_Father: {fileID: 406256}
  m_RootOrder: 1
--- !u!4 &405078
Transform:
  m_ObjectHideFlags: 1
  m_PrefabParentObject: {fileID: 0}
  m_PrefabInternal: {fileID: 100100000}
  m_GameObject: {fileID: 151052}
  m_LocalRotation: {x: 0, y: 0, z: 0, w: 1}
  m_LocalPosition: {x: -2.92000008, y: 2.9000001, z: 4.21999979}
  m_LocalScale: {x: .699999988, y: .699999988, z: .699999988}
  m_Children:
  - {fileID: 471246}
  - {fileID: 487746}
  m_Father: {fileID: 0}
  m_RootOrder: 0
--- !u!4 &406256
Transform:
  m_ObjectHideFlags: 1
  m_PrefabParentObject: {fileID: 0}
  m_PrefabInternal: {fileID: 100100000}
  m_GameObject: {fileID: 184198}
  m_LocalRotation: {x: -.644354165, y: -.0366246551, z: .757936299, w: .0948631465}
  m_LocalPosition: {x: -.00109012518, y: -.0265578777, z: 2.29969686e-07}
  m_LocalScale: {x: 1, y: 1, z: 1}
  m_Children:
  - {fileID: 490256}
  - {fileID: 404704}
  m_Father: {fileID: 414048}
  m_RootOrder: 2
--- !u!4 &407548
Transform:
  m_ObjectHideFlags: 1
  m_PrefabParentObject: {fileID: 0}
  m_PrefabInternal: {fileID: 100100000}
  m_GameObject: {fileID: 190878}
  m_LocalRotation: {x: -.64815414, y: .760736227, z: -.020483423, w: -.0275174379}
  m_LocalPosition: {x: .013444148, y: -.00719172088, z: 0}
  m_LocalScale: {x: 1, y: 1, z: 1}
  m_Children:
  - {fileID: 422188}
  m_Father: {fileID: 491636}
  m_RootOrder: 1
--- !u!4 &414048
Transform:
  m_ObjectHideFlags: 1
  m_PrefabParentObject: {fileID: 0}
  m_PrefabInternal: {fileID: 100100000}
  m_GameObject: {fileID: 173040}
  m_LocalRotation: {x: 0, y: 0, z: 0, w: 1}
  m_LocalPosition: {x: -.00999999978, y: 2.220446e-18, z: 0}
  m_LocalScale: {x: 1, y: 1, z: 1}
  m_Children:
  - {fileID: 436346}
  - {fileID: 402912}
  - {fileID: 406256}
  m_Father: {fileID: 451004}
  m_RootOrder: 1
--- !u!4 &414988
Transform:
  m_ObjectHideFlags: 1
  m_PrefabParentObject: {fileID: 0}
  m_PrefabInternal: {fileID: 100100000}
  m_GameObject: {fileID: 135392}
  m_LocalRotation: {x: 7.44529327e-09, y: 2.80660911e-10, z: -.0376696661, w: .999290287}
  m_LocalPosition: {x: .00913113821, y: -3.34172334e-09, z: .00110048999}
  m_LocalScale: {x: 1, y: 1, z: 1}
  m_Children:
  - {fileID: 462340}
  m_Father: {fileID: 436346}
  m_RootOrder: 0
--- !u!4 &422188
Transform:
  m_ObjectHideFlags: 1
  m_PrefabParentObject: {fileID: 0}
  m_PrefabInternal: {fileID: 100100000}
  m_GameObject: {fileID: 124712}
  m_LocalRotation: {x: .0013722243, y: -.104046449, z: .0366301686, w: .993896723}
  m_LocalPosition: {x: .0076754489, y: -7.17027575e-08, z: -.00264122011}
  m_LocalScale: {x: 1, y: 1, z: 1}
  m_Children:
  - {fileID: 485386}
  m_Father: {fileID: 407548}
  m_RootOrder: 0
--- !u!4 &425112
Transform:
  m_ObjectHideFlags: 1
  m_PrefabParentObject: {fileID: 0}
  m_PrefabInternal: {fileID: 100100000}
  m_GameObject: {fileID: 132668}
  m_LocalRotation: {x: 0, y: 0, z: .0789514035, w: .996878505}
  m_LocalPosition: {x: -.0105010653, y: 3.66894017e-18, z: .00110048603}
  m_LocalScale: {x: 1, y: 1, z: 1}
  m_Children:
  - {fileID: 487112}
  m_Father: {fileID: 490256}
  m_RootOrder: 0
--- !u!4 &436346
Transform:
  m_ObjectHideFlags: 1
  m_PrefabParentObject: {fileID: 0}
  m_PrefabInternal: {fileID: 100100000}
  m_GameObject: {fileID: 128314}
  m_LocalRotation: {x: .932800174, y: .360394061, z: 2.2067713e-17, w: 5.71175294e-17}
  m_LocalPosition: {x: -.00108982995, y: .0265572015, z: 0}
  m_LocalScale: {x: 1, y: 1, z: 1}
  m_Children:
  - {fileID: 414988}
  m_Father: {fileID: 414048}
  m_RootOrder: 0
--- !u!4 &451004
Transform:
  m_ObjectHideFlags: 1
  m_PrefabParentObject: {fileID: 0}
  m_PrefabInternal: {fileID: 100100000}
  m_GameObject: {fileID: 138758}
  m_LocalRotation: {x: 0, y: -0, z: -.707106829, w: .707106829}
  m_LocalPosition: {x: -0, y: -.00999999978, z: 0}
  m_LocalScale: {x: 1, y: 1, z: 1}
  m_Children:
  - {fileID: 491636}
  - {fileID: 414048}
  m_Father: {fileID: 487746}
  m_RootOrder: 0
--- !u!4 &462340
Transform:
  m_ObjectHideFlags: 1
  m_PrefabParentObject: {fileID: 0}
  m_PrefabInternal: {fileID: 100100000}
  m_GameObject: {fileID: 104378}
  m_LocalRotation: {x: 1.05038227e-08, y: 2.14424561e-10, z: .0789514035, w: .996878505}
  m_LocalPosition: {x: .0105009899, y: -1.52319615e-10, z: -.00110048999}
  m_LocalScale: {x: 1, y: 1, z: 1}
  m_Children:
  - {fileID: 483606}
  m_Father: {fileID: 414988}
  m_RootOrder: 0
--- !u!4 &469068
Transform:
  m_ObjectHideFlags: 1
  m_PrefabParentObject: {fileID: 0}
  m_PrefabInternal: {fileID: 100100000}
  m_GameObject: {fileID: 128800}
  m_LocalRotation: {x: .00364641938, y: -.179620922, z: .042527508, w: .982809484}
  m_LocalPosition: {x: -.00767539535, y: 4.09394722e-18, z: .00264121848}
  m_LocalScale: {x: 1, y: 1, z: 1}
  m_Children:
  - {fileID: 480916}
  m_Father: {fileID: 478076}
  m_RootOrder: 0
--- !u!4 &471246
Transform:
  m_ObjectHideFlags: 1
  m_PrefabParentObject: {fileID: 0}
  m_PrefabInternal: {fileID: 100100000}
  m_GameObject: {fileID: 168426}
  m_LocalRotation: {x: 0, y: 0, z: 0, w: 1}
  m_LocalPosition: {x: 0, y: 0, z: 0}
  m_LocalScale: {x: 1, y: 1, z: 1}
  m_Children: []
  m_Father: {fileID: 405078}
  m_RootOrder: 0
--- !u!4 &478076
Transform:
  m_ObjectHideFlags: 1
  m_PrefabParentObject: {fileID: 0}
  m_PrefabInternal: {fileID: 100100000}
  m_GameObject: {fileID: 155626}
  m_LocalRotation: {x: -.0311249681, y: .0354423411, z: .576441526, w: .815775871}
  m_LocalPosition: {x: -.0152468812, y: 0, z: 0}
  m_LocalScale: {x: 1, y: 1, z: 1}
  m_Children:
  - {fileID: 469068}
  m_Father: {fileID: 491636}
  m_RootOrder: 0
--- !u!4 &480916
Transform:
  m_ObjectHideFlags: 1
  m_PrefabParentObject: {fileID: 0}
  m_PrefabInternal: {fileID: 100100000}
  m_GameObject: {fileID: 188494}
  m_LocalRotation: {x: .531216741, y: .473098874, z: -.464248985, w: .527692258}
  m_LocalPosition: {x: -.00999660976, y: -2.32452939e-17, z: -.00264121848}
  m_LocalScale: {x: 1, y: 1, z: 1}
  m_Children:
  - {fileID: 492736}
  m_Father: {fileID: 469068}
  m_RootOrder: 0
--- !u!4 &483606
Transform:
  m_ObjectHideFlags: 1
  m_PrefabParentObject: {fileID: 0}
  m_PrefabInternal: {fileID: 100100000}
  m_GameObject: {fileID: 148764}
  m_LocalRotation: {x: 6.86320156e-09, y: 3.41608097e-09, z: -.758768141, w: .65136081}
  m_LocalPosition: {x: .00793564692, y: -1.14151613e-08, z: 9.76918546e-12}
  m_LocalScale: {x: 1, y: 1, z: 1}
  m_Children: []
  m_Father: {fileID: 462340}
  m_RootOrder: 0
--- !u!4 &485386
Transform:
  m_ObjectHideFlags: 1
  m_PrefabParentObject: {fileID: 0}
  m_PrefabInternal: {fileID: 100100000}
  m_GameObject: {fileID: 102128}
  m_LocalRotation: {x: .557242751, y: .438779742, z: -.429487884, w: .559010744}
  m_LocalPosition: {x: .00999659952, y: 7.46700834e-08, z: .00264122011}
  m_LocalScale: {x: 1, y: 1, z: 1}
  m_Children:
  - {fileID: 499732}
  m_Father: {fileID: 422188}
  m_RootOrder: 0
--- !u!4 &487112
Transform:
  m_ObjectHideFlags: 1
  m_PrefabParentObject: {fileID: 0}
  m_PrefabInternal: {fileID: 100100000}
  m_GameObject: {fileID: 192760}
  m_LocalRotation: {x: 0, y: 0, z: -.758768141, w: .65136081}
  m_LocalPosition: {x: -.00793557428, y: 1.38777875e-19, z: 0}
  m_LocalScale: {x: 1, y: 1, z: 1}
  m_Children: []
  m_Father: {fileID: 425112}
  m_RootOrder: 0
--- !u!4 &487746
Transform:
  m_ObjectHideFlags: 1
  m_PrefabParentObject: {fileID: 0}
  m_PrefabInternal: {fileID: 100100000}
  m_GameObject: {fileID: 197686}
  m_LocalRotation: {x: 0, y: 0, z: 0, w: 1}
  m_LocalPosition: {x: 0, y: 0, z: 0}
  m_LocalScale: {x: 26.9552193, y: 26.9552193, z: 26.9552193}
  m_Children:
  - {fileID: 451004}
  m_Father: {fileID: 405078}
  m_RootOrder: 1
--- !u!4 &490256
Transform:
  m_ObjectHideFlags: 1
  m_PrefabParentObject: {fileID: 0}
  m_PrefabInternal: {fileID: 100100000}
  m_GameObject: {fileID: 191552}
  m_LocalRotation: {x: 0, y: -0, z: -.0376696661, w: .999290287}
  m_LocalPosition: {x: -.00913113076, y: -1.80411235e-18, z: -.00110048603}
  m_LocalScale: {x: 1, y: 1, z: 1}
  m_Children:
  - {fileID: 425112}
  m_Father: {fileID: 406256}
  m_RootOrder: 0
--- !u!4 &491636
Transform:
  m_ObjectHideFlags: 1
  m_PrefabParentObject: {fileID: 0}
  m_PrefabInternal: {fileID: 100100000}
  m_GameObject: {fileID: 161688}
  m_LocalRotation: {x: -.192073271, y: .246160537, z: .748981953, w: .58441335}
  m_LocalPosition: {x: .0100000044, y: 1.19209331e-09, z: 0}
  m_LocalScale: {x: 1, y: 1, z: 1}
  m_Children:
  - {fileID: 478076}
  - {fileID: 407548}
  m_Father: {fileID: 451004}
  m_RootOrder: 0
--- !u!4 &492736
Transform:
  m_ObjectHideFlags: 1
  m_PrefabParentObject: {fileID: 0}
  m_PrefabInternal: {fileID: 100100000}
  m_GameObject: {fileID: 189968}
  m_LocalRotation: {x: -.394105971, y: .587094963, z: .587094963, w: -.394105971}
  m_LocalPosition: {x: -.00875508226, y: -6.1062266e-18, z: 2.81394478e-18}
  m_LocalScale: {x: 1, y: 1, z: 1}
  m_Children: []
  m_Father: {fileID: 480916}
  m_RootOrder: 0
--- !u!4 &499732
Transform:
  m_ObjectHideFlags: 1
  m_PrefabParentObject: {fileID: 0}
  m_PrefabInternal: {fileID: 100100000}
  m_GameObject: {fileID: 139094}
  m_LocalRotation: {x: -.394105971, y: .587094963, z: .587094963, w: -.394105971}
  m_LocalPosition: {x: .0087550655, y: -3.84949495e-08, z: -2.220446e-18}
  m_LocalScale: {x: 1, y: 1, z: 1}
  m_Children: []
  m_Father: {fileID: 485386}
  m_RootOrder: 0
--- !u!95 &9518726
Animator:
  serializedVersion: 3
  m_ObjectHideFlags: 1
  m_PrefabParentObject: {fileID: 0}
  m_PrefabInternal: {fileID: 100100000}
  m_GameObject: {fileID: 151052}
  m_Enabled: 1
  m_Avatar: {fileID: 9000000, guid: eeb99a42c6ad6f14981885ca28303443, type: 3}
  m_Controller: {fileID: 9100000, guid: 5327a4811fb2f5b40931658cbbfcdd83, type: 2}
  m_CullingMode: 1
  m_UpdateMode: 0
  m_ApplyRootMotion: 0
  m_LinearVelocityBlending: 0
  m_WarningMessage: 
  m_HasTransformHierarchy: 1
  m_AllowConstantClipSamplingOptimization: 1
--- !u!114 &11462254
MonoBehaviour:
  m_ObjectHideFlags: 1
  m_PrefabParentObject: {fileID: 0}
  m_PrefabInternal: {fileID: 100100000}
  m_GameObject: {fileID: 151052}
  m_Enabled: 1
  m_EditorHideFlags: 0
  m_Script: {fileID: 11500000, guid: 95cd2cb2758af64469221d0e2d24bc62, type: 3}
  m_Name: 
  m_EditorClassIdentifier: 
  MoveSpeed: 0
  MoveSpeedMult: 0
  RotationSpeed: 0
  XMove: 0
  ZMove: 0
  LookTarget: {x: 0, y: 0, z: 0}
  MyRigidbody: {fileID: 0}
  MyAnimator: {fileID: 0}
  MyNavMeshAgent: {fileID: 0}
  Target: {fileID: 0}
  AttackRange: 5
  AttackCooldown: .5
  AttackDamage: 1
  MaxHealth: 50
  GunSocket: {fileID: 404704}
  DeathEffectPrefab: {fileID: 100008, guid: bd6d233d2e6a8e74e87576e87fcd75a0, type: 2}
  AttackEffectPrefab: {fileID: 188670, guid: 79525abf1f32bd9488494ad8ddbd319e, type: 2}
--- !u!136 &13613254
CapsuleCollider:
  m_ObjectHideFlags: 1
  m_PrefabParentObject: {fileID: 0}
  m_PrefabInternal: {fileID: 100100000}
  m_GameObject: {fileID: 151052}
  m_Material: {fileID: 0}
  m_IsTrigger: 0
  m_Enabled: 1
  m_Radius: .5
  m_Height: 1
  m_Direction: 1
  m_Center: {x: 0, y: 0, z: 0}
--- !u!137 &13703966
SkinnedMeshRenderer:
  m_ObjectHideFlags: 1
  m_PrefabParentObject: {fileID: 0}
  m_PrefabInternal: {fileID: 100100000}
  m_GameObject: {fileID: 168426}
  m_Enabled: 1
  m_CastShadows: 1
  m_ReceiveShadows: 1
  m_Materials:
  - {fileID: 2100000, guid: 9be5c0a58a9fb1a499f9e9f6676138c2, type: 2}
  m_SubsetIndices: 
  m_StaticBatchRoot: {fileID: 0}
  m_UseLightProbes: 1
  m_ReflectionProbeUsage: 1
  m_ProbeAnchor: {fileID: 0}
  m_ScaleInLightmap: 1
  m_PreserveUVs: 0
  m_ImportantGI: 0
  m_AutoUVMaxDistance: .5
  m_AutoUVMaxAngle: 89
  m_LightmapParameters: {fileID: 0}
  m_SortingLayerID: 0
  m_SortingOrder: 0
  serializedVersion: 2
  m_Quality: 0
  m_UpdateWhenOffscreen: 0
  m_Mesh: {fileID: 4300000, guid: 3e17a5a14e3a6b34aab4ba9543faa0ff, type: 3}
  m_Bones:
  - {fileID: 451004}
  - {fileID: 414048}
  - {fileID: 402912}
  - {fileID: 406256}
  - {fileID: 490256}
  - {fileID: 425112}
  - {fileID: 487112}
  - {fileID: 436346}
  - {fileID: 414988}
  - {fileID: 462340}
  - {fileID: 483606}
  - {fileID: 491636}
  - {fileID: 478076}
  - {fileID: 469068}
  - {fileID: 480916}
  - {fileID: 492736}
  - {fileID: 407548}
  - {fileID: 422188}
  - {fileID: 485386}
  - {fileID: 499732}
  m_BlendShapeWeights: []
  m_RootBone: {fileID: 451004}
  m_AABB:
    m_Center: {x: .00181637704, y: -.00985233858, z: 0}
    m_Extent: {x: .0380224586, y: .0655552149, z: .027797211}
  m_DirtyAABB: 0
--- !u!195 &19568976
NavMeshAgent:
  m_ObjectHideFlags: 1
  m_PrefabParentObject: {fileID: 0}
  m_PrefabInternal: {fileID: 100100000}
  m_GameObject: {fileID: 151052}
  m_Enabled: 1
  m_Radius: .779999971
  m_Speed: 3.5
  m_Acceleration: 8
  avoidancePriority: 50
  m_AngularSpeed: 120
  m_StoppingDistance: 0
  m_AutoTraverseOffMeshLink: 1
  m_AutoBraking: 1
  m_AutoRepath: 1
  m_Height: 1.98000002
  m_BaseOffset: 1.25999999
  m_WalkableMask: 4294967295
  m_ObstacleAvoidanceType: 4
--- !u!1001 &100100000
Prefab:
  m_ObjectHideFlags: 1
  serializedVersion: 2
  m_Modification:
    m_TransformParent: {fileID: 0}
    m_Modifications: []
    m_RemovedComponents: []
  m_ParentPrefab: {fileID: 0}
  m_RootGameObject: {fileID: 151052}
  m_IsPrefabParent: 1
